<?xml version="1.0" encoding="UTF-8"?><collection xmlns="http://www.loc.gov/MARC21/slim"><record><leader>00559nam--2200181-u-4500</leader><controlfield tag="001">000053093</controlfield><controlfield tag="002">20161230</controlfield><controlfield tag="005">20161230201050</controlfield><controlfield tag="008">110105s1000------------r-----000-0-rum-d</controlfield><datafield ind1=" " ind2=" " tag="040"><subfield code="a">IFIN-HH</subfield></datafield><datafield ind1=" " ind2=" " tag="041"><subfield code="a">rum</subfield></datafield><datafield ind1=" " ind2=" " tag="080"><subfield code="a">539.188(043.2)</subfield></datafield><datafield ind1="1" ind2=" " tag="100"><subfield code="a">Bucur, Ion Bogdan</subfield></datafield><datafield ind1="1" ind2="0" tag="245"><subfield code="a">Studiul reactiilor ion-molecula cu transfer de sarcina la energii joase si stari ionice preparate cu ajutorul radiatiei de sincrotron</subfield><subfield code="b">Teza</subfield><subfield code="c">Ion bogdan bucur</subfield></datafield><datafield ind1=" " ind2=" " tag="260"><subfield code="a">Bucuresti</subfield><subfield code="b">Ifa</subfield><subfield code="c">2001</subfield></datafield><datafield ind1=" " ind2=" " tag="300"><subfield code="a">PAG. DIF</subfield></datafield><datafield ind1=" " ind2=" " tag="852"><subfield code="a">81279</subfield><subfield code="c">539</subfield></datafield><datafield ind1=" " ind2=" " tag="CAT"><subfield code="a">Sys</subfield><subfield code="c">20110105</subfield><subfield code="h">133553</subfield></datafield></record></collection>